@BOOK{arn:knuth,
  author    = {Donald E. Knuth},
  title     = {The \TeX{}book},
  publisher = {Addison-Wesley},
  year      = {Eighth printing, August 1986},
  isbn      = {0-201-13448-9}
}
